@article{ghia1982high,
  title        = {High-Re solutions for incompressible flow using the Navier--Stokes equations and a multigrid method},
  author       = {Ghia, U and Ghia, K N and Shin, C T},
  journal      = {Journal of Computational Physics},
  volume       = {48},
  number       = {3},
  pages        = {387--411},
  year         = {1982},
  doi          = {10.1016/0021-9991(82)90058-4}
}

@book{versteeg2007introduction,
  title     = {An Introduction to Computational Fluid Dynamics: The Finite Volume Method},
  author    = {Versteeg, H K and Malalasekera, W},
  publisher = {Pearson},
  edition   = {2},
  year      = {2007},
  isbn      = {9780131274983}
}

@article{orszag1971elimination,
  title   = {Elimination of aliasing in finite-difference schemes by filtering high-wavenumber components},
  author  = {Orszag, Steven A},
  journal = {Journal of Atmospheric Sciences},
  volume  = {28},
  number  = {6},
  pages   = {1074--1074},
  year    = {1971},
  doi     = {10.1175/1520-0469(1971)028<1074:EOAIFS>2.0.CO;2}
}

@book{canuto2006spectral,
  title     = {Spectral Methods: Fundamentals in Single Domains},
  author    = {Canuto, Claudio and Hussaini, M Yousuff and Quarteroni, Alfio and Zang, Thomas A},
  publisher = {Springer},
  year      = {2006},
  doi       = {10.1007/978-3-540-30726-6}
}
